<record><leader>00000cas a2200000 a 4500</leader><controlfield tag="001">10822886</controlfield><controlfield tag="008">840608d19691975nyudn ne      0    0eng c</controlfield><datafield ind1=" " ind2=" " tag="010"><subfield code="a">sn 84031298 </subfield></datafield><datafield ind1=" " ind2=" " tag="040"><subfield code="a">NYG</subfield><subfield code="b">eng</subfield><subfield code="c">NYG</subfield><subfield code="d">DLC</subfield><subfield code="d">NYS</subfield><subfield code="d">DLC</subfield><subfield code="d">OCLCQ</subfield><subfield code="d">OCLCO</subfield><subfield code="d">OCLCF</subfield></datafield><datafield ind1="1" ind2=" " tag="029"><subfield code="a">AU@</subfield><subfield code="b">000022595069</subfield></datafield><datafield ind1=" " ind2=" " tag="042"><subfield code="a">pcc</subfield></datafield><datafield ind1=" " ind2=" " tag="043"><subfield code="a">n-us-ny</subfield></datafield><datafield ind1="0" ind2="0" tag="050"><subfield code="a">Newspaper</subfield></datafield><datafield ind1="0" ind2="4" tag="245"><subfield code="a">The Knickerbocker news, Union-star.</subfield></datafield><datafield ind1="3" ind2="0" tag="246"><subfield code="a">Knickerbocker news</subfield></datafield><datafield ind1="3" ind2="0" tag="246"><subfield code="a">Union-star</subfield></datafield><datafield ind1=" " ind2=" " tag="260"><subfield code="a">Albany, N.Y. :</subfield><subfield code="b">[Hearst Corp.],</subfield><subfield code="c">1969-1975.</subfield></datafield><datafield ind1=" " ind2=" " tag="300"><subfield code="a">9 v. :</subfield><subfield code="b">ill.</subfield></datafield><datafield ind1=" " ind2=" " tag="310"><subfield code="a">Daily (except Sunday)</subfield></datafield><datafield ind1="0" ind2=" " tag="362"><subfield code="a">Vol. 32, no. 251 (Apr. 28, 1969)-v. 40, no. 82 (Oct. 6, 1975).</subfield></datafield><datafield ind1=" " ind2=" " tag="500"><subfield code="a">Published by: 1969-, Hearst Corporation, Gene Robb, publisher.</subfield></datafield><datafield ind1=" " ind2=" " tag="500"><subfield code="a">Editor: 1969-, R.G. Fichenberg.</subfield></datafield><datafield ind1=" " ind2=" " tag="530"><subfield code="a">Available on microfilm from Micro Photo Division, Bell and Howell Co.</subfield></datafield><datafield ind1=" " ind2="0" tag="651"><subfield code="a">Albany (N.Y.)</subfield><subfield code="v">Newspapers.</subfield></datafield><datafield ind1=" " ind2="7" tag="655"><subfield code="a">Newspapers.</subfield><subfield code="2">fast</subfield><subfield code="0">(OCoLC)fst01423814</subfield></datafield><datafield ind1=" " ind2="7" tag="651"><subfield code="a">New York (State)</subfield><subfield code="z">Albany.</subfield><subfield code="2">fast</subfield><subfield code="0">(OCoLC)fst01225716</subfield></datafield><datafield ind1="1" ind2=" " tag="700"><subfield code="a">Fichenberg, Robert G.</subfield></datafield><datafield ind1=" " ind2=" " tag="752"><subfield code="a">United States</subfield><subfield code="b">New York</subfield><subfield code="c">Albany</subfield><subfield code="d">Albany.</subfield></datafield><datafield ind1="0" ind2="4" tag="780"><subfield code="t">Knickerbocker news (Albany, N.Y. : 1937)</subfield><subfield code="w">(DLC)sn 84031297</subfield></datafield><datafield ind1="0" ind2="4" tag="780"><subfield code="t">Schenectady union-star</subfield><subfield code="w">(DLC)sn 83031683</subfield></datafield><datafield ind1="0" ind2="0" tag="785"><subfield code="t">Knickerbocker news (Albany, N.Y. : 1975)</subfield><subfield code="w">(DLC)sn 84031299</subfield></datafield></record>